@article{Geib2011,
author = {Geib, C and Piater, J and Petrick, R},
file = {:home/naderman/.local/share/data/Mendeley Ltd./Mendeley Desktop/Downloaded/d01941c79457a7a786286f18eeaa52178a75379a.pdf:pdf},
journal = {Robotics and},
title = {{Object-Action Complexes: Grounded abstractions of sensory-motor processes}},
url = {http://www.sciencedirect.com/science/article/pii/S0921889011000935},
year = {2011}
}
@article{Koller2011,
author = {Koller, Alexander and Petrick, Ronald P. a.},
doi = {10.1111/j.1467-8640.2010.00370.x},
file = {:tmp/ci2011-draft.pdf:pdf},
issn = {08247935},
journal = {Computational Intelligence},
keywords = {natural language generation,planning},
month = feb,
number = {1},
pages = {23--40},
title = {{Experiences With Planning for Natural Language Generation}},
url = {http://doi.wiley.com/10.1111/j.1467-8640.2010.00370.x},
volume = {27},
year = {2011}
}
@article{Petrick,
author = {Petrick, Ronald P A and Foster, Mary Ellen},
file = {:tmp/cogrob2012.pdf:pdf},
title = {{What Would You Like to Drink ? Recognising and Planning with Social States in a Robot Bartender Domain}}
}
@article{Petrick2004,
author = {Petrick, Ronald P A and Isard, Amy},
file = {:tmp/grounding2012.pdf:pdf},
title = {{Social State Recognition and Knowledge-Level Planning for Human-Robot Interaction in a Bartender Domain}},
year = {2004}
}
@article{Teo2012,
author = {Teo, CL and Yang, Yezhou and III},
file = {:home/naderman/Documents/Papers/ICRA2012\_ActionObjects\_preprint.pdf:pdf},
title = {{Towards a Watson That Sees: Language-Guided Action Recognition for Robots}},
url = {http://ieeexplore.ieee.org/xpls/abs\_all.jsp?arnumber=6224589},
volume = {1},
year = {2012}
}
